<?xml version="1.0" encoding="UTF-8"?><collection xmlns="http://www.loc.gov/MARC21/slim"><record><leader>00572nam--2200181-i-4500</leader><controlfield tag="001">000028765</controlfield><controlfield tag="002">20161230</controlfield><controlfield tag="005">20161230201037</controlfield><controlfield tag="008">060222s1000------------r-----000-0-fre-d</controlfield><datafield ind1=" " ind2=" " tag="040"><subfield code="a">IFIN-HH</subfield></datafield><datafield ind1=" " ind2=" " tag="041"><subfield code="a">fre</subfield></datafield><datafield ind1=" " ind2=" " tag="080"><subfield code="a">538.971:519.688(043)</subfield></datafield><datafield ind1="1" ind2=" " tag="100"><subfield code="a">Legrand, Jean</subfield></datafield><datafield ind1="1" ind2="0" tag="245"><subfield code="a">Exploitation simultanee de plusieurs experiences de physique des surface au moyen d`un calculateur. realisation des programmes et des interfaces</subfield><subfield code="b">These</subfield><subfield code="c">Hjean le grand</subfield></datafield><datafield ind1=" " ind2=" " tag="260"><subfield code="a">Paris</subfield><subfield code="b">Universite</subfield><subfield code="c">1976</subfield></datafield><datafield ind1=" " ind2=" " tag="300"><subfield code="a">269P</subfield></datafield><datafield ind1=" " ind2=" " tag="852"><subfield code="a">44898</subfield><subfield code="c">539.2</subfield></datafield><datafield ind1=" " ind2=" " tag="CAT"><subfield code="a">Sys</subfield><subfield code="c">20121025</subfield><subfield code="h">153004</subfield></datafield></record></collection>